% This file was created with JabRef 2.10.
% Encoding: UTF8


@InProceedings{Hamid2013,
  Title                    = {Exploring Convolutional Neural Network Structures and Optimization
Techniques for Speech Recognition},
  Author                   = {Ossama Abdel-Hamid and Li Deng and Dong Yu},
  Booktitle                = {Procceedings of the International Conference of the 14th International Speech Communication Association, Interspeech},
  Year                     = {2013},
  Editor                   = {Fr{\'{e}}d{\'{e}}ric Bimbot and Christophe Cerisara and C{\'{e}}cile Fougeron and Guillaume Gravier and Lori Lamel and Fran{\c{c}}ois Pellegrino and Pascal Perrier},
  Publisher                = {ISCA},

  Owner                    = {Matthias},
  Timestamp                = {2015.08.18}
}

@Article{Caffee2015,
  Title                    = {Caffe con Troll: Shallow Ideas to Speed Up Deep Learning},
  Author                   = {Firas Abuzaid and Stefan Hadjis and Ce Zhang and Christopher R{\'{e}}},
  Journal                  = {CoRR},
  Year                     = {2015},
  Volume                   = {abs/1504.04343},

  Timestamp                = {Sat, 02 May 2015 17:50:32 +0200}
}

@Unpublished{Andrade2014,
  Title                    = {Best Practices for Convolutional Neural Networks Applied to Object Recognition in Images},
  Author                   = {Andrade, Anderson de},
  Note                     = {Thesis. URL: \url{http://www.cs.toronto.edu/~adeandrade/assets/bpfcnnatorii.pdf} (15.08.2015)},
  Year                     = {2014},

  Owner                    = {Matthias},
  Timestamp                = {2015.08.13}
}

@Article{Becker1991,
  Title                    = {Unsupervised learning procedures for neural networks},
  Author                   = {Becker, S.},
  Journal                  = {Internation Journal of Neural Systems},
  Year                     = {1991},
  Number                   = {Feb},
  Pages                    = {17--33},
  Volume                   = {2},

  Owner                    = {Matthias},
  Timestamp                = {2015.08.12}
}

@Article{Bell2015,
  Title                    = {Learning Visual Similarity for Product Design with Convolutional Neural Networks},
  Author                   = {Bell, Sean and Bala, Kavita},
  Journal                  = {ACM Transactions on Graphics},
  Year                     = {2015},
  Number                   = {4},
  Pages                    = {98:1--98:10},
  Volume                   = {34},

  Address                  = {New York, NY, USA},
  ISSN                     = {0730-0301},
  Issue_date               = {August 2015},
  Publisher                = {ACM}
}

@Article{Bengio2012,
  Title                    = {Practical recommendations for gradient-based training of deep architectures},
  Author                   = {Yoshua Bengio},
  Journal                  = {CoRR},
  Year                     = {2012},
  Volume                   = {abs/1206.5533},

  Timestamp                = {Wed, 10 Oct 2012 21:28:53 +0200}
}

@Article{Bengio2009,
  Title                    = {Learning Deep Architectures for AI},
  Author                   = {Bengio, Yoshua},
  Journal                  = {Foundation and Trends in Machine Learning},
  Year                     = {2009},
  Number                   = {1},
  Pages                    = {1--127},
  Volume                   = {2},

  Acmid                    = {1658424},
  Address                  = {Hanover, MA, USA},
  ISSN                     = {1935-8237},
  Issue_date               = {January 2009},
  Numpages                 = {127},
  Publisher                = {Now Publishers Inc.}
}

@Unpublished{Bengio2015,
  Title                    = {Deep Learning},
  Author                   = {Yoshua Bengio and Ian J. Goodfellow and Aaron Courville},
  Note                     = {Buch in Vorbereitung f√ºr MIT Press. URL: \url{http://www.iro.umontreal.ca/~bengioy/dlbook/} (15.08.2015)},
  Year                     = {2015}
}

@InProceedings{Bengio2007,
  Title                    = {Greedy Layer-Wise Training of Deep Networks},
  Author                   = {Bengio, Yoshua and Pascal Lamblin and Dan Popovici and Larochelle, Hugo},
  Booktitle                = {Proceedings of the 20th International Conference on Advances in Neural Information Processing Systems, NIPS},
  Year                     = {2007},
  Editor                   = {B. Sch\"{o}lkopf and J.C. Platt and T. Hoffman},
  Note                     = {ISBN: 9781622760381},
  Pages                    = {153--160},
  Publisher                = {MIT Press},

  Owner                    = {Matthias},
  Timestamp                = {2015.08.03}
}

@InCollection{Bengio2007b,
  Title                    = {Scaling Learning Algorithms towards {AI}},
  Author                   = {Bengio, Yoshua and {LeCun}, 
 Yann},
  Booktitle                = {Large Scale Kernel Machines},
  Publisher                = {MIT Press},
  Year                     = {2007},
  Editor                   = {Bottou, {L{\'{e}}on} and Chapelle, Olivier and DeCoste, D. and Weston, J.},
  Note                     = {ISBN: 9780262026253}
}

@InProceedings{Bergstra2010,
  Title                    = {Theano: a CPU and GPU math expression compiler},
  Author                   = {Bergstra, James and Breuleux, Olivier and Bastien, Fr{\'e}d{\'e}ric and Lamblin, Pascal and Pascanu, Razvan and Desjardins, Guillaume and Turian, Joseph and Warde-Farley, David and Bengio, Yoshua},
  Booktitle                = {Proceedings of the 8th Python for Scientific Computing Conference, SciPy},
  Year                     = {2010},
  Editor                   = {Varoquaux, G and Walf, Stefan van der and Millman, K. Jarrod},
  Note                     = {ISBN: 9780557232123},
  Pages                    = {3},
  Publisher                = {Caltech},
  Volume                   = {4},

  Owner                    = {Matthias},
  Timestamp                = {2015.08.03}
}

@InCollection{Bottou1998,
  Title                    = {Stochastic Gradient Tricks},
  Author                   = {Bottou, L\'{e}on},
  Booktitle                = {Neural networks: Tricks of the trade},
  Publisher                = {Springer},
  Year                     = {1998},
  Editor                   = {Montavon, Gr\'{e}goire and Orr, Genevieve B. and M\"{u}ller, Klaus-Robert},
  Note                     = {ISBN: 9783642352898},
  Pages                    = {430--445},

  Owner                    = {Matthias},
  Timestamp                = {2015.08.03}
}

@Unpublished{Bouvrie2006,
  Title                    = {Notes on convolutional neural networks},
  Author                   = {Bouvrie, Jake},
  Note                     = {Technical Report. URL: \url{http://cogprints.org/5869/1/cnn_tutorial.pdf} (15.08.2015)},
  Year                     = {2006},

  __markedentry            = {[Matthias:]},
  Owner                    = {Matthias},
  Timestamp                = {2015.08.03}
}

@InProceedings{Chapelle11,
  Title                    = {Improved Preconditioner for Hessian Free Optimization},
  Author                   = {Olivier Chapelle and Dumitru Erhan},
  Booktitle                = {Proceedings of the NIPS Workshop on Deep Learning and Unsupervised Feature Learning},
  Year                     = {2011},
  Editor                   = {Adam Coates and Yoshua Bengio and Yann LeCun and Nicolas Le Roux and Andrew Y. Ng},
  Publisher                = {NIPS}
}

@Article{Chetlur14,
  Title                    = {cuDNN: Efficient Primitives for Deep Learning},
  Author                   = {Sharan Chetlur and
 Cliff Woolley and
 Philippe Vandermersch and
 Jonathan Cohen and
 John Tran and
 Bryan Catanzaro and
 Evan Shelhamer},
  Journal                  = {CoRR},
  Year                     = {2014},
  Volume                   = {abs/1410.0759}
}

@Article{Ciresan2012,
  Title                    = {Multi-column Deep Neural Networks for Image Classification},
  Author                   = {Dan C. Ciresan and
 Ueli Meier and
 J{\"{u}}rgen Schmidhuber},
  Journal                  = {CoRR},
  Year                     = {2012},
  Volume                   = {abs/1202.2745}
}

@InProceedings{Coates2011,
  Title                    = {Selecting Receptive Fields in Deep Networks},
  Author                   = {Adam Coates and Andrew Y. Ng},
  Booktitle                = {Proceedings of the 24th Internation Conference on Advances in Neural Information Processing Systems, NIPS},
  Year                     = {2011},
  Editor                   = {J. Shawe-taylor and R.s. Zemel and P. Bartlett and F.c.n. Pereira and K.q. Weinberger},
  Pages                    = {2528--2536},
  Publisher                = {MIT Press}
}

@InProceedings{Torch2011,
  Title                    = {Torch7: A Matlab-like Environment for Machine Learning},
  Author                   = {Collobert, Ronan and Kavukcuoglu, Koray and Farabet, Cl{\'{e}}ment},
  Booktitle                = {Proceedings of the NIPS Workshop BigLearn},
  Year                     = {2011},
  Publisher                = {NIPS}
}

@Article{Dauphin14,
  Title                    = {Identifying and attacking the saddle point problem in high-dimensional
 non-convex optimization},
  Author                   = {Yann Dauphin and
 Razvan Pascanu and
 {\c{C}}aglar G{\"{u}}l{\c{c}}ehre and
 Kyunghyun Cho and
 Surya Ganguli and
 Yoshua Bengio},
  Journal                  = {CoRR},
  Year                     = {2014},
  Volume                   = {abs/1406.2572}
}

@Article{Dauphin2015,
  Title                    = {RMSProp and equilibrated adaptive learning rates for non-convex optimization},
  Author                   = {Yann N. Dauphin and
 Harm de Vries and
 Junyoung Chung and
 Yoshua Bengio},
  Journal                  = {CoRR},
  Year                     = {2015},
  Volume                   = {abs/1502.04390},

  Owner                    = {Matthias},
  Timestamp                = {2015.08.03}
}

@Book{Deng2014,
  Title                    = {Deep Learning Methods and Applications},
  Author                   = {Li Deng and Dong Yu},
  Publisher                = {Now Publishers},
  Year                     = {2014},
  Note                     = {ISBN: 978-1601988140},

  Booktitle                = {Foundations and Trends in Signal Processing},
  Owner                    = {Matthias},
  Timestamp                = {2015.08.07}
}

@Unpublished{Desjardins2008,
  Title                    = {Empirical Evaluation of Convolutional RBMs for Vision},
  Author                   = {Gauillaume Desjardins and Yoshua Bengio},
  Note                     = {Technical Report. URL: \url{http://www.iro.umontreal.ca/~lisa/publications2/index.php/attachments/single/194} (21.09.2015)},
  Year                     = {2008},

  Owner                    = {Matthias},
  Timestamp                = {2015.08.18}
}

@Book{Duda73,
  Title                    = {Pattern Classification and Scene Analysis},
  Author                   = {Richard O. Duda and Peter E. Hart},
  Publisher                = {John Wiley \& Sons},
  Year                     = {1973},
  Note                     = {ISBN: 9780471223610}
}

@Book{Duda2001,
  Title                    = {Pattern Classification (2Nd Edition)},
  Author                   = {Duda, Richard O. and Hart, Peter E. and Stork, David G.},
  Publisher                = {Wiley-Interscience},
  Year                     = {2001},
  Note                     = {ISBN: 0471056693},
  Volume                   = {2}
}

@Article{Erhan2010,
  Title                    = {Why does unsupervised pre-training help deep learning?},
  Author                   = {Erhan, Dumitru and Bengio, Yoshua and Courville, Aaron and Manzagol, Pierre-Antoine and Vincent, Pascal and Bengio, Samy},
  Journal                  = {The Journal of Machine Learning Research},
  Year                     = {2010},
  Number                   = {Feb},
  Pages                    = {625--660},
  Volume                   = {11},

  Owner                    = {Matthias},
  Publisher                = {JMLR. org},
  Timestamp                = {2015.08.03}
}

@Unpublished{Kaparthy2014,
  Title                    = {{CS231n Convolutional Neural Networks for Visual Recognition, University of Stanford}},
  Author                   = {Fei-Fei, L. and Andrej Karpathy},
  Note                     = {Course Material. URL: \url{http://cs231n.github.io/} (14.08.2015)},
  Year                     = {2014},

  Owner                    = {Matthias},
  Timestamp                = {2015.08.13}
}

@Unpublished{Franz2014,
  Title                    = {{Maschinelles Lernen, University of Applied Sciences Konstanz}},
  Author                   = {Matthias O. Franz},
  Note                     = {Course Material},
  Year                     = {2014},

  Owner                    = {Matthias},
  Timestamp                = {2015.08.07}
}

@Article{Fukushima1980,
  Title                    = {Neocognitron: A self-organizing neural network model for a mechanism of pattern recognition unaffected by shift in position},
  Author                   = {Fukushima, Kunihiko},
  Journal                  = {Biological Cybernetics},
  Year                     = {1980},
  Number                   = {4},
  Pages                    = {193-202},
  Volume                   = {36},

  Language                 = {English},
  Publisher                = {Springer-Verlag}
}

@InProceedings{Glorot2010,
  Title                    = {Understanding the difficulty of training deep feedforward neural networks},
  Author                   = {Glorot, Xavier and Bengio, Yoshua},
  Booktitle                = {Proceedings of the 13th International Conference on Artificial Intelligence and Statistics, AISTATS},
  Year                     = {2010},
  Editor                   = {Yee Whye Teh and Mike Titterington},
  Pages                    = {249--256},
  Publisher                = {JMLR W\&CP},

  Owner                    = {Matthias},
  Timestamp                = {2015.08.03}
}

@InProceedings{Glorot2011,
  Title                    = {Deep sparse rectifier neural networks},
  Author                   = {Glorot, Xavier and Bordes, Antoine and Bengio, Yoshua},
  Booktitle                = {Proceedings of the 14th International Conference on Artificial Intelligence and Statistics, AISTATS},
  Year                     = {2011},
  Editor                   = {Yee Whye Teh and Mike Titterington},
  Pages                    = {315--323},
  Publisher                = {JMLR W\&CP},

  Owner                    = {Matthias},
  Timestamp                = {2015.08.03}
}

@InProceedings{Golik2013,
  Title                    = {Cross-entropy vs. squared error training: a theoretical and experimental comparison.},
  Author                   = {Golik, Pavel and Doetsch, Patrick and Ney, Hermann},
  Booktitle                = {Procceedings of the International Conference of the International Speech Communication Association, Interspeech},
  Year                     = {2013},
  Editor                   = {Bimbot, F.},
  Note                     = {ISBN: 9781629934433},
  Pages                    = {1756 --1760},
  Publisher                = {ISCA},

  __markedentry            = {[Matthias:]},
  Owner                    = {Matthias},
  Timestamp                = {2015.08.03}
}

@Article{Gomes2014,
  Title                    = {Machine-Learning Maestro Michael Jordan on the Delusions of Big Data and Other Huge Engineering Efforts},
  Author                   = {Gomes, Lee},
  Journal                  = {IEEE Spectrum},
  Year                     = {2014},
  Volume                   = {Web},

  Owner                    = {Matthias},
  Timestamp                = {2015.08.07}
}

@Article{PyLearn22013,
  Title                    = {Pylearn2: a machine learning research library},
  Author                   = {Ian J. Goodfellow and David Warde-Farley and Pascal Lamblin 
and Vincent Dumoulin and Mehdi Mirza and Razvan Pascanu and James 
Bergstra and Fr\'{e}d\'{e}ric Bastien and Yoshua Bengio},
  Journal                  = {arXiv preprint},
  Year                     = {2013},
  Volume                   = {1308.421}
}

@InProceedings{Goodfellow_maxout_2013,
  Title                    = {Maxout Networks},
  Author                   = {Ian J. Goodfellow and David Warde-Farley and Mehdi Mirza and Aaron Courville and Yoshua Bengio},
  Booktitle                = {Proceedings of the 30th International Conference on Machine Learning, ICML},
  Year                     = {2013},
  Editor                   = {Neil Lawrence and Mark Reid},
  Pages                    = {1319-1327},
  Publisher                = {JMLR W\&CP}
}

@Misc{eigenweb,
  Title                    = {Eigen v3},

  Author                   = {Ga\"{e}l Guennebaud and Beno\^{i}t Jacob and others},
  HowPublished             = {Linear Algebra Library},
  Note                     = {URL: \url{http://eigen.tuxfamily.org/index.php} (21.09.2015)},
  Year                     = {2010},

  Url                      = {http://eigen.tuxfamily.org}
}

@Book{Hagan2014,
  Title                    = {Neural Network Design},
  Author                   = {Martin T. Hagan and Howard B. Demuth and Mark Beale and Orlando De Jes√∫s},
  Publisher                = {Martin Hagan},
  Year                     = {2014},
  Edition                  = {2.},
  Note                     = {ISBN: 9780971732117},

  Owner                    = {Matthias},
  Timestamp                = {2015.08.03}
}

@Book{Hastie2009,
  Title                    = {The Elements of Statistical Learning: Data Mining, Inference and Prediction},
  Author                   = {Trevor Hastie and Robert Tibshirani and Jerome Friedman},
  Publisher                = {Springer},
  Year                     = {2009},
  Edition                  = {2.},
  Note                     = {ISBN: 9780387848570},

  Owner                    = {Matthias},
  Timestamp                = {2015.08.03}
}

@Book{Haykin1999,
  Title                    = {Neural Networks: A Comprehensive Foundation},
  Author                   = {Simon Haykin},
  Publisher                = {Pearson},
  Year                     = {1998},
  Edition                  = {2.},
  Note                     = {ISBN: 9780132733502},

  Owner                    = {Matthias},
  Timestamp                = {2015.08.03}
}

@Article{He2015,
  Title                    = {Delving Deep into Rectifiers: Surpassing Human-Level Performance on
 ImageNet Classification},
  Author                   = {Kaiming He and
 Xiangyu Zhang and
 Shaoqing Ren and
 Jian Sun},
  Journal                  = {CoRR},
  Year                     = {2015},
  Volume                   = {abs/1502.01852},

  Timestamp                = {Mon, 02 Mar 2015 14:17:34 +0100}
}

@InProceedings{Hinton1986,
  Title                    = {Learning distributed representations of concepts},
  Author                   = {Hinton, Geoffrey E.},
  Booktitle                = {Proceedings of the 8th Annual Conference of the Cognitive Science Society, CogSci},
  Year                     = {1986},

  Owner                    = {Matthias},
  Timestamp                = {2015.08.07}
}

@Article{Hinton2006,
  Title                    = {A fast learning algorithm for deep belief nets},
  Author                   = {Hinton, Geoffrey E and Osindero, Simon and Teh, Yee-Whye},
  Journal                  = {Neural computation},
  Year                     = {2006},
  Number                   = {7},
  Pages                    = {1527--1554},
  Volume                   = {18},

  Owner                    = {Matthias},
  Publisher                = {MIT Press},
  Timestamp                = {2015.08.03}
}

@InProceedings{Salakhutdinov2008,
  Title                    = {Using Deep Belief Nets to Learn Covariance Kernels for Gaussian Processes},
  Author                   = {Geoffrey E. Hinton and Salakhutdinov, Ruslan R},
  Booktitle                = {Proceedings of the 20th International Conference on Advances in Neural Information Processing Systems, NIPS},
  Year                     = {2008},
  Editor                   = {J.C. Platt and D. Koller and Y. Singer and S.T. Roweis},
  Pages                    = {1249--1256},
  Publisher                = {MIT Press}
}

@Article{Hinton2012,
  Title                    = {Improving neural networks by preventing co-adaptation of feature detectors},
  Author                   = {Geoffrey E. Hinton and Nitish Srivastava and Alex Krizhevsky and Ilya Sutskever and Ruslan Salakhutdinov},
  Journal                  = {CoRR},
  Year                     = {2012},
  Volume                   = {abs/1207.0580},

  Owner                    = {Matthias},
  Timestamp                = {2015.08.03}
}

@Unpublished{Hinton2015,
  Title                    = {{CSC321 Neural Networks for Machine Learning, University of Toronto}},
  Author                   = {Geoffrey E. Hinton and Nitish Srivastava and Kevin Swersky},
  Note                     = {Course Material. URL: \url{http://www.cs.toronto.edu/~tijmen/csc321/slides/lecture_slides_lec6.pdf} (14.08.2015)},
  Year                     = {2015},

  Owner                    = {Matthias},
  Timestamp                = {2015.08.14}
}

@Unpublished{Hochreiter1991,
  Title                    = {Untersuchungen zu dynamischen neuronalen Netzen},
  Author                   = {Sepp Hochreiter},
  Note                     = {Thesis. URL: \url{http://people.idsia.ch/~juergen/SeppHochreiter1991ThesisAdvisorSchmidhuber.pdf} (15.08.2015)},
  Year                     = {1991},

  Owner                    = {Matthias},
  Timestamp                = {2015.08.14}
}

@Article{Hochreiter1997,
  Title                    = {Long Short-Term Memory},
  Author                   = {Hochreiter, Sepp and Schmidhuber, J\"{u}rgen},
  Journal                  = {Neural Computing},
  Year                     = {1997},
  Number                   = {8},
  Pages                    = {1735--1780},
  Volume                   = {9},

  Address                  = {Cambridge, MA, USA},
  ISSN                     = {0899-7667},
  Numpages                 = {46},
  Publisher                = {MIT Press}
}

@Article{Wiesel1962,
  Title                    = {Receptive fields, binocular interaction, and functional architecture in the cat's visual cortex},
  Author                   = {Hubel, D. H. and Wiesel, T. N},
  Journal                  = {The Journal of Physiology},
  Year                     = {1962},
  Number                   = {1},
  Pages                    = {106--154},
  Volume                   = {160},

  Owner                    = {Matthias},
  Timestamp                = {2015.08.04}
}

@InProceedings{Igel2000,
  Title                    = {Improving the Rprop learning algorithm},
  Author                   = {Igel, Christian and H{\"u}sken, Michael},
  Booktitle                = {Proceedings of the 2nd international symposium on neural computation, ICSC},
  Year                     = {2000},
  Pages                    = {115--121},
  Publisher                = {ICSC Academic Press},

  Owner                    = {Matthias},
  Timestamp                = {2015.08.03}
}

@InProceedings{Jarrett2009,
  Title                    = {What is the best multi-stage architecture for object recognition?},
  Author                   = {Jarrett, Kevin and Kavukcuoglu, Koray and Ranzato, Marc'Aurelio and LeCun, Yann},
  Booktitle                = {Proceedings of the 12th IEEE International Conference on Computer Vision, ICCV},
  Year                     = {2009},
  Pages                    = {2146--2153},
  Publisher                = {IEEE},

  Owner                    = {Matthias},
  Timestamp                = {2015.08.03}
}

@Article{Caffe2014,
  Title                    = {Caffe: Convolutional Architecture for Fast Feature Embedding},
  Author                   = {Jia, Yangqing and Shelhamer, Evan and Donahue, Jeff and Karayev, Sergey and Long, Jonathan and Girshick, Ross and Guadarrama, Sergio and Darrell, Trevor},
  Journal                  = {arXiv preprint},
  Year                     = {2014},
  Volume                   = {1408.5093}
}

@Misc{Scipy,
  Title                    = {{SciPy}: Open source scientific tools for {Python}},

  Author                   = {Eric Jones and Travis Oliphant and Pearu Peterson and others},
  HowPublished             = {Python Library},
  Note                     = {URL: \url{http://www.scipy.org/}},
  Year                     = {2001},

  Url                      = {http://www.scipy.org/}
}

@Article{Krizhevsky2014,
  Title                    = {One weird trick for parallelizing convolutional neural networks},
  Author                   = {Alex Krizhevsky},
  Journal                  = {CoRR},
  Year                     = {2014},
  Volume                   = {abs/1404.5997},

  Timestamp                = {Thu, 01 May 2014 14:56:20 +0200}
}

@Unpublished{Krizhevsky2009,
  Title                    = {Learning multiple layers of features from tiny images},
  Author                   = {Krizhevsky, Alex and Hinton, Geoffrey},
  Note                     = {Thesis. URL: \url{http://www.cs.toronto.edu/~kriz/learning-features-2009-TR.pdf} (15.08.2015)},
  Year                     = {2009},

  Owner                    = {Matthias},
  Publisher                = {Citeseer},
  Timestamp                = {2015.08.03}
}

@InProceedings{Krizhevsky2012,
  Title                    = {Imagenet classification with deep convolutional neural networks},
  Author                   = {Krizhevsky, Alex and Sutskever, Ilya and Hinton, Geoffrey E},
  Booktitle                = {Proceedings of the 25th International Conference on Advances in neural information processing systems, NIPS},
  Year                     = {2012},
  Editor                   = {F. Pereira and C.J.C. Burges and L. Bottou and K.Q. Weinberger},
  Note                     = {ISBN: 9781627480031},
  Pages                    = {1097--1105},
  Publisher                = {MIT Press},

  Owner                    = {Matthias},
  Timestamp                = {2015.08.03}
}

@Article{Larochell2009,
  Title                    = {Exploring Strategies for Training Deep Neural Networks},
  Author                   = {Hugo Larochelle and Yoshua Bengio and J√©r√¥me Louradour and Pascal Lamblin},
  Journal                  = {Journal of Machine Learning Research},
  Year                     = {2009},
  Number                   = {Jan},
  Pages                    = {1--40},
  Volume                   = {10},

  Owner                    = {Matthias},
  Timestamp                = {2015.09.07}
}

@InProceedings{LeRanzato2012,
  Title                    = {Building high-level features using large scale unsupervised learning},
  Author                   = {Quoc Le and Marc'Aurelio Ranzato and Rajat Monga and Matthieu Devin and Kai Chen and Greg Corrado and Jeff Dean and Andrew Ng},
  Booktitle                = {Proceedings of the 29th International Conference on Machine Learning, ICML},
  Year                     = {2012},
  Editor                   = {John Langford and Joelle Pineau},
  Note                     = {ISBN: 9781450312851},
  Publisher                = {ACM}
}

@InProceedings{Quoc2010,
  Title                    = {Tiled convolutional neural networks},
  Author                   = {Quoc V. Le and Jiquan Ngiam and Zhenghao Chen and Daniel Chia and Pang Wei Koh and Andrew Y. Ng},
  Booktitle                = {Proceedings of the 20th International Conference on Advances in Neural Information Processing Systems, NIPS},
  Year                     = {2010},
  Editor                   = {J.D. Lafferty and C.K.I. Williams and J. Shawe-Taylor and R.S. Zemel and A. Culotta},
  Pages                    = {1279--1287},
  Publisher                = {Curran Associates}
}

@InCollection{LeCun1998b,
  Title                    = {Efficient backprop},
  Author                   = {LeCun, Yann A and Bottou, L{\'e}on and Orr, Genevieve B and M{\"u}ller, Klaus-Robert},
  Booktitle                = {Neural networks: Tricks of the trade},
  Publisher                = {Springer},
  Year                     = {1998},
  Editor                   = {Montavon, Gr\'{e}goire and Orr, Genevieve B. and M\"{u}ller, Klaus-Robert},
  Note                     = {ISBN: 9783642352898},
  Pages                    = {9--48},

  Owner                    = {Matthias},
  Timestamp                = {2015.08.03}
}

@Article{LeCun1989,
  Title                    = {Backpropagation Applied to Handwritten Zip Code Recognition},
  Author                   = {LeCun, Y. and Boser, B. and Denker, J. S. and Henderson, D.
 and Howard, R. E. and Hubbard, W. and Jackel, L. D.},
  Journal                  = {Neural Computation},
  Year                     = {1989},
  Number                   = {4},
  Pages                    = {541-551},
  Volume                   = {1},

  Original                 = {orig/lecun-89e.tiff}
}

@Article{LeCun1998,
  Title                    = {Gradient-based learning applied to document recognition},
  Author                   = {LeCun, Yann and Bottou, L{\'e}on and Bengio, Yoshua and Haffner, Patrick},
  Journal                  = {Proceedings of the IEEE},
  Year                     = {1998},
  Number                   = {11},
  Pages                    = {2278--2324},
  Volume                   = {86},

  Owner                    = {Matthias},
  Publisher                = {IEEE},
  Timestamp                = {2015.08.03}
}

@Article{Lee2014,
  Title                    = {Deeply-Supervised Nets},
  Author                   = {Chen-Yu Lee and Saining Xie and Patrick Gallagher and Zhengyou Zhang and Zhuowen Tu},
  Journal                  = {CoRR},
  Year                     = {2014},
  Volume                   = {{abs:1409.5185v2}},

  Owner                    = {Matthias},
  Timestamp                = {2015.09.02}
}

@Unpublished{Lee2010,
  Title                    = {Tutorial on Deep Learning and Applications, NIPS},
  Author                   = {Honglak Lee},
  Note                     = {Course Material. URL: \url{https://deeplearningworkshopnips2010.files.wordpress.com/2010/09/nips10-workshop-tutorial-final.pdf} (15.08.2015)},
  Year                     = {2010},

  Owner                    = {Matthias},
  Timestamp                = {2015.08.10}
}

@InProceedings{Lee2009,
  Title                    = {Convolutional Deep Belief Networks for Scalable Unsupervised Learning of Hierarchical Representations},
  Author                   = {Lee, Honglak and Grosse, Roger and Ranganath, Rajesh and Ng, Andrew Y.},
  Booktitle                = {Proceedings of the 26th International Conference on Machine Learning, ICML},
  Year                     = {2009},
  Editor                   = {Andrea Pohoreckyj Danyluk and L{\'{e}}on Bottou and Michael L. Littman},
  Note                     = {ISBN: 9781605585161},
  Pages                    = {609--616},
  Publisher                = {ACM},

  ISBN                     = {978-1-60558-516-1},
  Location                 = {Montreal, Quebec, Canada},
  Numpages                 = {8}
}

@InProceedings{Lowe1999,
  Title                    = {Object Recognition from Local Scale-Invariant Features},
  Author                   = {Lowe, D. G.},
  Booktitle                = {The Proceedings of the 7th IEEE International Conference on Computer Vision, ICCV},
  Year                     = {1999},
  Pages                    = {1150‚Äì1157},
  Publisher                = {IEEE},
  Volume                   = {2},

  Owner                    = {Matthias},
  Timestamp                = {2015.08.05}
}

@InProceedings{Maas2013,
  Title                    = {Rectifier Nonlinearities Improve Neural Network Acoustic Models},
  Author                   = {Andrew L. Maas and Awni Y. Hannun and Andrew Y. Ng},
  Booktitle                = {Proceedings of the 30th International Conference on Machine Learning, ICML},
  Year                     = {2013},
  Publisher                = {JMLR W\&CP},

  Owner                    = {Matthias},
  Timestamp                = {2015.08.18}
}

@Article{Laurens2008,
  Title                    = {Visualizing Data using t-SNE},
  Author                   = {Maaten, {Laurens van der} and Hinton, Geoffrey. E. and Yoshua Bengio},
  Journal                  = {Journal of Machine Learning Research},
  Year                     = {2008},
  Number                   = {Nov},
  Pages                    = {2579--2605},
  Volume                   = {9},

  Owner                    = {Matthias},
  Timestamp                = {2015.08.04}
}

@Article{Mahendran2014,
  Title                    = {Understanding Deep Image Representations by Inverting Them},
  Author                   = {Aravindh Mahendran and
 Andrea Vedaldi},
  Journal                  = {CoRR},
  Year                     = {2014},
  Volume                   = {abs/1412.0035},

  Timestamp                = {Thu, 01 Jan 2015 19:51:08 +0100}
}

@InProceedings{Martens2010,
  Title                    = {Deep Learning via Hessian-free Optimization},
  Author                   = {James Martens},
  Booktitle                = {Proceedings of the 27th International Conference on Machine Learning, ICML},
  Year                     = {2010},
  Editor                   = {Johannes F{\"{u}}rnkranz and Thorsten Joachims},
  Publisher                = {Omnipress},

  Owner                    = {Matthias},
  Timestamp                = {2015.08.17}
}

@InProceedings{Masci2011,
  Title                    = {Stacked convolutional auto-encoders for hierarchical feature extraction},
  Author                   = {Masci, Jonathan and Meier, Ueli and Cire{\c{s}}an, Dan and Schmidhuber, J{\"u}rgen},
  Booktitle                = {Proceedings of the International Conference on Artificial Neural Networks and Machine Learning, ICANN},
  Year                     = {2011},
  Note                     = {ISBN: 9783642217357},
  Pages                    = {52--59},
  Publisher                = {Springer},

  Owner                    = {Matthias},
  Timestamp                = {2015.08.03}
}

@Article{McCulloch1943,
  Title                    = {A logical calculus of the ideas immanent in nervous activity},
  Author                   = {McCulloch, W.S. and Pitts, W.},
  Journal                  = {Bulletin of Mathematical Biophysics},
  Year                     = {1943},
  Number                   = {4},
  Pages                    = {115-133},
  Volume                   = {5},

  Owner                    = {Matthias},
  Timestamp                = {2015.08.11}
}

@Book{Mitchell1997,
  Title                    = {Machine Learning},
  Author                   = {Tom M. Mitchell},
  Publisher                = {McGraw-Hill},
  Year                     = {1997},
  Note                     = {ISBN: 978-0071154673},

  Owner                    = {Matthias},
  Timestamp                = {2015.08.03}
}

@Article{Mnih2013,
  Title                    = {Playing Atari with Deep Reinforcement Learning},
  Author                   = {Volodymyr Mnih and
 Koray Kavukcuoglu and
 David Silver and
 Alex Graves and
 Ioannis Antonoglou and
 Daan Wierstra and
 Martin A. Riedmiller},
  Journal                  = {CoRR},
  Year                     = {2013},
  Volume                   = {abs/1312.5602},

  Timestamp                = {Wed, 01 Apr 2015 20:06:15 +0200}
}

@InProceedings{Nabney1999,
  Title                    = {Efficient training of RBF networks for classification},
  Author                   = {Nabney, I.T.},
  Booktitle                = {Proceedings of the 9th International Conference on Advances in Neural Information Processing Systems, NIPS},
  Year                     = {1999},
  Pages                    = {210-215},
  Publisher                = {MIT Press},

  ISSN                     = {0537-9989}
}

@InProceedings{Nagi2011,
  Title                    = {Max-Pooling Convolutional Neural Networks for Vision-based Hand Gesture Recognition},
  Author                   = {Jawad Nagi and Frederick Ducatelle and Gianni A. Di Caro and Dan Cires and Ueli Meier and Alessandro Giusti and Farrukh Nagi and Jurgen Schmidhuber and Luca Maria Gambardella},
  Booktitle                = {Proceedings of the IEEE International Conference on Signal and Image Processing Applications, ICSIPA},
  Year                     = {2011},
  Publisher                = {IEEE},

  Owner                    = {Matthias},
  Timestamp                = {2015.08.13}
}

@Article{Nesterov1983,
  Title                    = {A method of solving a convex programming problem with convergence rate O (1/k2)},
  Author                   = {Yurii Nesterov},
  Journal                  = {Soviet Mathematics Doklady},
  Year                     = {1983},
  Number                   = {2},
  Pages                    = {372-376},
  Volume                   = {27},

  Owner                    = {Matthias},
  Timestamp                = {2015.08.17}
}

@InProceedings{Ng2004,
  Title                    = {Feature selection, L 1 vs. L 2 regularization, and rotational invariance},
  Author                   = {Ng, Andrew Y},
  Booktitle                = {Proceedings of the 21st international conference on Machine learning, ICML},
  Year                     = {2004},
  Note                     = {ISBN: 1-58113-838-5},
  Pages                    = {78},
  Publisher                = {ACM},

  Owner                    = {Matthias},
  Timestamp                = {2015.08.03}
}

@InProceedings{Ng2002,
  Title                    = {On Discriminative vs. Generative Classifiers: A comparison of logistic regression and naive Bayes},
  Author                   = {Andrew Y. Ng and Michael I. Jordan},
  Booktitle                = {Proceedings of the 14th International Conference on Advances in Neural Information Processing Systems, NIPS},
  Year                     = {2002},
  Editor                   = {T.G. Dietterich and S. Becker and Z. Ghahramani},
  Pages                    = {841--848},
  Publisher                = {MIT Press}
}

@Book{Nielsen2015,
  Title                    = {Neural Networks and Deep Learning},
  Author                   = {Michael A. Nielsen},
  Publisher                = {Determination Press},
  Year                     = {2015},
  Note                     = {URL: \url{http://neuralnetworksanddeeplearning.com/} (03.09.2015)},

  Owner                    = {Matthias},
  Timestamp                = {2015.09.27}
}

@Misc{Nouri2013,
  Title                    = {cuda-convnet},

  Author                   = {Daniel Nouri},
  HowPublished             = {Cuda Framework},
  Note                     = {URL: \url{https://github.com/dnouri/cuda-convnet} (21.09.2015)},
  Year                     = {2013},

  Owner                    = {Matthias},
  Timestamp                = {2015.08.10},
  Url                      = {https://github.com/dnouri/cuda-convnet}
}

@Misc{openmp08,
  Title                    = {{OpenMP} Application Program Interface Version 3.0},

  Author                   = {{OpenMP Architecture Review Board}},
  HowPublished             = {Compiler Extension},
  Note                     = {URL: \url{http://openmp.org/wp/} (21.09.2015)},
  Year                     = {2008},

  Url                      = {http://www.openmp.org/mp-documents/spec30.pdf}
}

@Article{Pearlmutter1994,
  Title                    = {Fast Exact Multiplication by the Hessian},
  Author                   = {Barak A. Pearlmutter},
  Journal                  = {Neural Computation},
  Year                     = {1994},
  Number                   = {1},
  Pages                    = {147--160},
  Volume                   = {6}
}

@Article{Sermanet2012,
  Title                    = {Convolutional Neural Networks Applied to
House Numbers Digit Classification},
  Author                   = {Pierre Sermanet, Soumith Chintala and Yann LeCun},
  Journal                  = {CoRR},
  Year                     = {2012},
  Volume                   = {{abs/1204.3968}},

  Owner                    = {Matthias},
  Timestamp                = {2015.08.13}
}

@Book{Pink2011,
  Title                    = {Bildbasierte Selbstlokalisierung von Stra√üenfahrzeugen},
  Author                   = {Oliver Pink},
  Publisher                = {KIT Scientific Publishing},
  Year                     = {2011},
  Note                     = {ISBN: 9783866447080},

  Owner                    = {Matthias},
  Timestamp                = {2015.08.18}
}

@Article{Polyak1964,
  Title                    = {Some methods of speeding up the convergence of iteration methods},
  Author                   = {Boris T. Polyak},
  Journal                  = {USSR Computational Mathematics},
  Year                     = {1964},
  Number                   = {5},
  Pages                    = {1-17},
  Volume                   = {4},

  Owner                    = {Matthias},
  Timestamp                = {2015.08.17}
}

@Article{Quiroga2005,
  Title                    = {Invariant visual representation by single neurons in the human brain},
  Author                   = {R. Quian Quiroga and L. Reddy and G. Kreiman and C. Koch and I. Fried},
  Journal                  = {Nature},
  Year                     = {2005},
  Pages                    = {1102-1107},
  Volume                   = {435},

  Owner                    = {Matthias},
  Timestamp                = {2015.08.04}
}

@InProceedings{Ranzato2007,
  Title                    = {Unsupervised learning of invariant feature hierarchies with applications to object recognition},
  Author                   = {Ranzato, Marc Aurelio and Huang, Fu Jie and Boureau, Y-Lan and LeCun, Yann},
  Booktitle                = {Proceedings of the IEEE Conference on Computer Vision and Pattern Recognition, CVPR},
  Year                     = {2007},
  Note                     = {ISBN: 1424411793},
  Pages                    = {1--8},
  Publisher                = {IEEE},

  __markedentry            = {[Matthias:]},
  Owner                    = {Matthias},
  Timestamp                = {2015.08.03}
}

@InProceedings{Ranzato2006,
  Title                    = {{Efficient Learning of Sparse Representations with an Energy-Based Model}},
  Author                   = {Marc'aurelio Ranzato and Christopher S. Poultney and Sumit Chopra and Yann Lecun},
  Booktitle                = {Proceedings of the 19th Conference on Neural Information Processing Systems, NIPS},
  Year                     = {2006},
  Editor                   = {Bernhard Sch√∂lkopf, John Platt and Thomas Hofmann},
  Pages                    = {1137--1144},
  Publisher                = {MIT Press},

  Masid                    = {4304932}
}

@InProceedings{Ranzato2007b,
  Title                    = {Efficient learning of sparse representations with an energy-based model},
  Author                   = {Ranzato, M. and Poultney, C. S. and Chopra, S. and Lecun, Y.},
  Booktitle                = {Proceedings of the 19th International Conference on Advances in Neural Information Processing Systems, NIPS},
  Year                     = {2007},
  Editor                   = {Sch\"{o}lkopf, B. and Platt, J. and Hoffman, T.},
  Pages                    = {1137-1144},
  Publisher                = {MIT Press},

  Owner                    = {Matthias},
  Timestamp                = {2015.08.10}
}

@InProceedings{Riedmiller1992,
  Title                    = {RPROP-A fast adaptive learning algorithm},
  Author                   = {Riedmiller, Martin and Braun, Heinrich},
  Booktitle                = {Procceedings of the 7th International Symposium on Computer and Information Science, ISCIS},
  Year                     = {1992},

  Owner                    = {Matthias},
  Timestamp                = {2015.08.03}
}

@Book{Rojas1996,
  Title                    = {Neural Networks: A Systematic Introduction},
  Author                   = {Ra√∫l Rojas},
  Publisher                = {Springer},
  Year                     = {1996},
  Note                     = {ISBN: 9783540605058},

  Owner                    = {Matthias},
  Timestamp                = {2015.08.03}
}

@Book{Rosenblatt1962,
  Title                    = {Principles of Neurodynamics: Perceptrons and the Theory of Brain Mechanisms},
  Author                   = {Frank Rosenblatt},
  Editor                   = {G√ºnther Palm and Ad Aertsen},
  Publisher                = {Spartan Books},
  Year                     = {1962},
  Note                     = {ISBN: 9783642709135},

  Owner                    = {Matthias},
  Timestamp                = {2015.08.11}
}

@InCollection{Rumelhart1986b,
  Title                    = {Learning internal representations by error propagation},
  Author                   = {Rumelhart, David E. and Hinton, Geoffrey E. and Williams, Ronald J.},
  Booktitle                = {Parallel Distributed Processing: Implications for Psychology and Neurobiology},
  Publisher                = {MIT Press},
  Year                     = {1986},
  Editor                   = {Rumelhart, David E. and McClelland, J.L.},
  Note                     = {ISBN: 0262680531},
  Pages                    = {318--362},
  Volume                   = {1}
}

@Article{Rumelhart1986a,
  Title                    = {Learning representations by back-propagating errors},
  Author                   = {Rumelhart, D. E. and Hinton, G. E. and Williams, R. J.},
  Journal                  = {Nature},
  Year                     = {1986},
  Pages                    = {533--536},
  Volume                   = {323},

  Owner                    = {Matthias},
  Timestamp                = {2015.08.04}
}

@Article{ImageNet2015,
  Title                    = {{ImageNet Large Scale Visual Recognition Challenge}},
  Author                   = {Olga Russakovsky and Jia Deng and Hao Su and Jonathan Krause and Sanjeev Satheesh and Sean Ma and Zhiheng Huang and Andrej Karpathy and Aditya Khosla and Michael Bernstein and Alexander C. Berg and Li Fei-Fei},
  Journal                  = {International Journal of Computer Vision (IJCV)},
  Year                     = {2015},
  Number                   = {Apr},
  Pages                    = {1-42},
  Volume                   = {1},

  Doi                      = {10.1007/s11263-015-0816-y}
}

@Article{Sainatha2015,
  Title                    = {Deep Convolutional Neural Networks for Large-scale Speech Tasks},
  Author                   = {Tara N. Sainatha and Brian Kingsburya and George Saona and Hagen Soltaua and Abdel-rahman Mohamedb and George Dahlb and Bhuvana Ramabhadrana},
  Journal                  = {Neural Networks: Deep Learning of Representations},
  Year                     = {2015},
  Number                   = {Apr},
  Pages                    = {32-48},
  Volume                   = {64},

  Owner                    = {Matthias},
  Timestamp                = {2015.08.07}
}

@Book{Schling2011,
  Title                    = {The Boost C++ Libraries},
  Author                   = {Schling, Boris},
  Publisher                = {XML Press},
  Year                     = {2011},
  Note                     = {ISBN: 9780982219195},

  ISBN                     = {0982219199, 9780982219195}
}

@InProceedings{Simard2003,
  Title                    = {Best practices for convolutional neural networks applied to visual document analysis},
  Author                   = {Simard, P.Y. and Steinkraus, D. and Platt, John C.},
  Booktitle                = {Proceedings of the 7th International Conference on Document Analysis and Recognition, ICDAR},
  Year                     = {2003},
  Month                    = {Aug},
  Note                     = {ISBN: 0769519601},
  Pages                    = {958-963},
  Publisher                = {IEEE}
}

@InProceedings{Simard92,
  Title                    = {Tangent Prop: a formalism for specifying selected invariances
 in adaptive networks},
  Author                   = {Simard, P. and Victorri, B. and LeCun, Y. and Denker, J.},
  Booktitle                = {Proceedings of the 4th International Conference on Advances in Neural Information Processing Systems, NIPS},
  Year                     = {1992},
  Editor                   = {J. M.~Moody and S. J.~Hanson and R. P.~Lippman},
  Note                     = {ISBN: 1558602224},
  Pages                    = {895--903},
  Publisher                = {Morgan Kaufmann},

  Original                 = {orig/simard-92.ps.gz}
}

@Article{Simonyan2013,
  Title                    = {Deep Inside Convolutional Networks: Visualising Image Classification
 Models and Saliency Maps},
  Author                   = {Karen Simonyan and
 Andrea Vedaldi and
 Andrew Zisserman},
  Journal                  = {CoRR},
  Year                     = {2013},
  Volume                   = {abs/1312.6034},

  Owner                    = {Matthias},
  Timestamp                = {2015.08.03}
}

@Article{Simonyan2014,
  Title                    = {Very Deep Convolutional Networks for Large-Scale Image Recognition},
  Author                   = {Karen Simonyan and
 Andrew Zisserman},
  Journal                  = {CoRR},
  Year                     = {2014},
  Volume                   = {abs/1409.1556},

  Timestamp                = {Wed, 01 Oct 2014 15:00:05 +0200}
}

@InProceedings{Socher2011,
  Title                    = {Parsing Natural Scences and Natural Language with Recursive Neural Networks},
  Author                   = {Richard Socher and Cliff Chiung-Yu Lin and Andrew Ng and Christopher D. Manning},
  Booktitle                = {Proceedings of the 28th International Conference on Machine Learning, ICML},
  Year                     = {2011},
  Editor                   = {Lise Getoor and Tobias Scheffer},
  Note                     = {ISBN: {9781450306195}},
  Publisher                = {ACM},

  Owner                    = {Matthias},
  Timestamp                = {2015.08.10}
}

@Article{Springenberg14,
  Title                    = {Striving for Simplicity: The All Convolutional Net},
  Author                   = {Jost Tobias Springenberg and
 Alexey Dosovitskiy and
 Thomas Brox and
 Martin A. Riedmiller},
  Journal                  = {CoRR},
  Year                     = {2014},
  Volume                   = {abs/1412.6806},

  Bibsource                = {dblp computer science bibliography, http://dblp.org},
  Biburl                   = {http://dblp.uni-trier.de/rec/bib/journals/corr/SpringenbergDBR14},
  Timestamp                = {Wed, 01 Apr 2015 20:06:15 +0200}
}

@Article{Srivastava2014,
  Title                    = {Dropout: A simple way to prevent neural networks from overfitting},
  Author                   = {Srivastava, Nitish and Hinton, Geoffrey and Krizhevsky, Alex and Sutskever, Ilya and Salakhutdinov, Ruslan},
  Journal                  = {The Journal of Machine Learning Research},
  Year                     = {2014},
  Number                   = {1},
  Pages                    = {1929--1958},
  Volume                   = {15},

  Owner                    = {Matthias},
  Publisher                = {JMLR. org},
  Timestamp                = {2015.08.03}
}

@Unpublished{Sutskever2013b,
  Title                    = {Training Recurrent Neural Networks},
  Author                   = {Ilya Sutskever},
  Note                     = {Thesis. URL: \url{http://www.cs.utoronto.ca/~ilya/pubs/ilya_sutskever_phd_thesis.pdf} (20.08.2015)},
  Year                     = {2013},

  Owner                    = {Matthias},
  Timestamp                = {2015.08.20}
}

@InProceedings{Sutskever2013,
  Title                    = {On the importance of initialization and momentum in deep learning},
  Author                   = {Ilya Sutskever and James Martens and George Dahl and Geoffrey Hinton},
  Booktitle                = {Proceedings of the 30th International Conference on Machine Learning, ICML},
  Year                     = {2013},
  Pages                    = {1139--1147},
  Publisher                = {JMLR W\&CP},

  Owner                    = {Matthias},
  Timestamp                = {2015.08.04}
}

@Article{Szegedy14,
  Title                    = {Going Deeper with Convolutions},
  Author                   = {Christian Szegedy and
 Wei Liu and
 Yangqing Jia and
 Pierre Sermanet and
 Scott Reed and
 Dragomir Anguelov and
 Dumitru Erhan and
 Vincent Vanhoucke and
 Andrew Rabinovich},
  Journal                  = {CoRR},
  Year                     = {2014},
  Volume                   = {abs/1409.4842}
}

@InProceedings{Vincent2008,
  Title                    = {Extracting and Composing Robust Features with Denoising Autoencoders},
  Author                   = {Vincent, Pascal and Larochelle, Hugo and Bengio, Yoshua and Manzagol, Pierre-Antoine},
  Booktitle                = {Proceedings of the 25th International Conference on Machine Learning, ICML},
  Year                     = {2008},
  Pages                    = {1096--1103},
  Publisher                = {JMLR W\&CP}
}

@Article{Vincent2010,
  Title                    = {Stacked denoising autoencoders: Learning useful representations in a deep network with a local denoising criterion},
  Author                   = {Vincent, Pascal and Larochelle, Hugo and Lajoie, Isabelle and Bengio, Yoshua and Manzagol, Pierre-Antoine},
  Journal                  = {The Journal of Machine Learning Research},
  Year                     = {2010},
  Number                   = {Dec},
  Pages                    = {3371--3408},
  Volume                   = {11},

  Owner                    = {Matthias},
  Publisher                = {JMLR. org},
  Timestamp                = {2015.08.03}
}

@InProceedings{Wagner2013,
  Title                    = {Learning convolutional neural networks from few samples},
  Author                   = {Wagner, R. and Thom, M. and Schweiger, R. and Palm, G. and Rothermel, A.},
  Booktitle                = {Proceedings of the International Joint Conference on Neural Networks, IJCNN},
  Year                     = {2013},
  Note                     = {ISBN: 9781467361286},
  Pages                    = {1-7},
  Publisher                = {IEEE}
}

@InProceedings{Zeiler2013,
  Title                    = {Regularization of Neural Networks using DropConnect},
  Author                   = {Li Wan and Matthew D. Zeiler and Sxin Zhang and Yann A. LeCun and Rob Fergus},
  Booktitle                = {Proceedings of the 30th International Conference on Machine Learning, ICML},
  Year                     = {2013},
  Publisher                = {JMLR W\&CP},

  Owner                    = {Matthias},
  Timestamp                = {2015.08.04}
}

@InCollection{Widrow1988,
  Title                    = {Adaptive Switching Circuits},
  Author                   = {Widrow, Bernard and Hoff, Marcian E.},
  Booktitle                = {Neurocomputing: Foundations of Research},
  Publisher                = {MIT Press},
  Year                     = {1988},
  Editor                   = {Anderson, James A. and Rosenfeld, Edward},
  Note                     = {ISBN: {0262010976},},
  Pages                    = {123--134}
}

@InProceedings{Widrow1960,
  Title                    = {Adaptive Switching Circuits},
  Author                   = {Widrow, Bernard and Hoff, Marcian E.},
  Booktitle                = {{IRE} {WESCON} Convention Record, Part 4},
  Year                     = {1960},
  Pages                    = {96--104}
}

@Article{Wilson2003,
  Title                    = {The General Inefficiency of Batch Training for Gradient Descent Learning},
  Author                   = {Wilson, D. Randall and Martinez, Tony R.},
  Journal                  = {Neural Networks},
  Year                     = {2003},
  Number                   = {10},
  Pages                    = {1429--1451},
  Volume                   = {16},

  Publisher                = {Elsevier Science Ltd.}
}

@Book{Winston1992,
  Title                    = {Artificial Intelligence},
  Author                   = {Patrick Henry Winston},
  Publisher                = {Pearson},
  Year                     = {1992},
  Edition                  = {3.},
  Note                     = {ISBN: 9780201533774}
}

@InProceedings{Xie2011,
  Title                    = {Comparison between traditional neural networks and radial basis function networks},
  Author                   = {Tiantian Xie and Hao Yu and Wilamowski, B.},
  Booktitle                = {IEEE International Symposium on Industrial Electronics, ISIE},
  Year                     = {2011},
  Pages                    = {1194-1199},
  Publisher                = {IEEE}
}

@Book{Zander2001,
  Title                    = {Neuronale Netze zur Analyse von nichtlinearen Strukturmodellen mit latenten Variablen},
  Author                   = {Adolf Zander},
  Publisher                = {Deutscher Universit√§ts-Verlag},
  Year                     = {2001},
  Note                     = {ISBN: 9783824472598},

  Owner                    = {Matthias},
  Timestamp                = {2015.08.11}
}

@Article{Zeiler2012,
  Title                    = {{ADADELTA:} An Adaptive Learning Rate Method},
  Author                   = {Matthew D. Zeiler},
  Journal                  = {CoRR},
  Year                     = {2012},
  Volume                   = {abs/1212.5701},

  Owner                    = {Matthias},
  Timestamp                = {2015.08.03}
}

@InProceedings{Zeiler2014,
  Title                    = {Visualizing and Understanding Convolutional Networks},
  Author                   = {Matthew D. Zeiler and Rob Fergus},
  Booktitle                = {Proceedings of the 13th European Conference on Computer Vision, ECCV},
  Year                     = {2014},
  Editor                   = {David J. Fleet and Tom{\'{a}}s Pajdla and Bernt Schiele and Tinne Tuytelaars},
  Note                     = {ISBN: 9783319105901},
  Pages                    = {818--833},
  Publisher                = {Springer},

  Owner                    = {Matthias},
  Timestamp                = {2015.08.03}
}

@Article{Zeiler2013b,
  Title                    = {Stochastic Pooling for Regularization of Deep Convolutional Neural Networks},
  Author                   = {Matthew D. Zeiler and Rob Fergus},
  Journal                  = {CoRR},
  Year                     = {2013},
  Volume                   = {abs/1301.3557},

  Booktitle                = {Proceedings of the International Conference on Learning Representations, ICLR},
  Owner                    = {Matthias},
  Timestamp                = {2015.08.07}
}

@InProceedings{Zeiler2011,
  Title                    = {Adaptive Deconvolutional Networks for Mid and High Level Feature Learning},
  Author                   = {Matthew D. Zeiler and Graham W. Taylor and Rob Fergus},
  Booktitle                = {Proceedings of the 14th IEEE International Conference on Computer Vision, ICCV},
  Year                     = {2011},
  Editor                   = {Dimitris N. Metaxas and Long Quan and Alberto Sanfeliu and Luc J. Van Gool},
  Note                     = {ISBN: {9781457711015}},
  Pages                    = {2018--2025},
  Publisher                = {IEEE},

  Owner                    = {Matthias},
  Timestamp                = {2015.08.07}
}

